<?xml version="1.0" encoding="UTF-8"?>
<Document xmlns="urn:iso:std:iso:20022:tech:xsd:pain.001.001.03">
  <CstmrCdtTrfInitn>
    <GrpHdr>
      <MsgId>MSG-20240101-001</MsgId>
      <CreDtTm>2024-01-01T10:00:00</CreDtTm>
      <NbOfTxs>1</NbOfTxs>
      <CtrlSum>1250.00</CtrlSum>
      <InitgPty>
        <Nm>ACME Corporation</Nm>
        <PstlAdr>
          <Ctry>DE</Ctry>
          <AdrLine>Hauptstrasse 123</AdrLine>
          <AdrLine>60311 Frankfurt am Main</AdrLine>
        </PstlAdr>
      </InitgPty>
    </GrpHdr>
    <PmtInf>
      <PmtInfId>PMT-20240101-001</PmtInfId>
      <PmtMtd>TRF</PmtMtd>
      <BtchBookg>true</BtchBookg>
      <NbOfTxs>1</NbOfTxs>
      <CtrlSum>1250.00</CtrlSum>
      <ReqdExctnDt>2024-01-02</ReqdExctnDt>
      <Dbtr>
        <Nm>ACME Corporation</Nm>
        <PstlAdr>
          <Ctry>DE</Ctry>
          <AdrLine>Hauptstrasse 123</AdrLine>
        </PstlAdr>
      </Dbtr>
      <DbtrAcct>
        <Id>
          <IBAN>DE89370400440532013000</IBAN>
        </Id>
      </DbtrAcct>
      <DbtrAgt>
        <FinInstnId>
          <BIC>COBADEFFXXX</BIC>
        </FinInstnId>
      </DbtrAgt>
      <ChrgBr>SLEV</ChrgBr>
      <CdtTrfTxInf>
        <PmtId>
          <InstrId>INSTR-001</InstrId>
          <EndToEndId>E2E-20240101-001</EndToEndId>
        </PmtId>
        <Amt>
          <InstdAmt Ccy="EUR">1250.00</InstdAmt>
        </Amt>
        <CdtrAgt>
          <FinInstnId>
            <BIC>SOGEDEFFXXX</BIC>
          </FinInstnId>
        </CdtrAgt>
        <Cdtr>
          <Nm>Supplier Company Ltd</Nm>
          <PstlAdr>
            <Ctry>FR</Ctry>
            <AdrLine>456 Avenue de Commerce</AdrLine>
          </PstlAdr>
        </Cdtr>
        <CdtrAcct>
          <Id>
            <IBAN>FR1420041010050500013M02606</IBAN>
          </Id>
        </CdtrAcct>
        <RmtInf>
          <Ustrd>Payment for invoice INV-2024-001</Ustrd>
        </RmtInf>
      </CdtTrfTxInf>
    </PmtInf>
  </CstmrCdtTrfInitn>
</Document>
